% Encoding: UTF-8

@article{Oispuu2010Direct,
  title={Direct detection and position determination of multiple sources with intermittent emission},
  author={Oispuu, M. and Nickel, U.},
  journal={Signal Processing},
  volume={90},
  number={12},
  pages={3056-3064},
  year={2010},
}

@inproceedings{Amar2004Direct,
  title={Direct position determination of multiple radio signals},
  author={Amar, A. and Weiss, A. J.},
  booktitle={IEEE International Conference on Acoustics, Speech, and Signal Processing, 2004. Proceedings},
  pages={ii-81-4 vol.2},
  year={2004},
}

@inproceedings{Amar2006Efficient,
  title={Efficient Position Determination of Multiple Emitters},
  author={Amar, A and Weiss, A. J},
  booktitle={Electrical and Electronics Engineers in Israel, 2006 IEEE  Convention of},
  pages={11-15},
  year={2006},
}




@article{Weiss2004Direct,
  title={Direct position determination of narrowband radio frequency transmitters},
  author={Weiss, A. J.},
  journal={IEEE Signal Processing Letters},
  volume={11},
  number={5},
  pages={513-516},
  year={2004},
}

@article{Tirer2015High,
  title={High Resolution Direct Position Determination of Radio Frequency Sources},
  author={Tirer, Tom and Weiss, Anthony J.},
  journal={IEEE Signal Processing Letters},
  volume={23},
  number={2},
  pages={192-196},
  year={2015},
}

@article{convex,
  title={convex optimization},
  author={A},
  journal={B},
  year={2010},
}

@article{Tzoreff2017Expectation,
  title={Expectation-Maximization Algorithm for Direct Position Determination},
  author={Tzoreff, Elad and Weiss, Anthony J.},
  journal={Signal Processing},
  volume={133},
  pages={32-39},
  year={2017},
}

@article{Tibbits2014Automated,
  title={Automated Factor Slice Sampling.},
  author={Tibbits MM and Groendyke C and Haran M and Liechty JC},
  journal={Journal of Computational and Graphical Statistics},
  volume={23},
  number={2},
  pages={543-563},
  year={2014},
}

@article{Neal2003Slice,
  title={Slice Sampling},
  author={Neal, Radford M.},
  journal={Annals of Statistics},
  volume={31},
  number={3},
  pages={705-741},
  year={2003},
}

@article{TirerHigh,
  title={High resolution localization of narrowband radio emitters based on doppler frequency shifts},
  author={Tirer, Tom and Weiss, Anthony J.},
  journal={Signal Processing},
  volume={141},
  pages={288-298},
  year={2017},
}

@article{Brandwood2008A,
  title={A complex gradient operator and its applica-tion in adaptive array theory},
  author={Brandwood, B. A. D. H.},
  journal={IEE Proceedings. Part H: Microwaves, Optics and Antennas},
  volume={130},
  number={1},
  pages={11-16},
  year={2008},
}

@book{Angelov2012Fundamentals,
  title={Fundamentals of Machine Learning and Pattern Recognition},
  author={Angelov, Plamen},
  year={2012},
}

@article{Nelder1965A,
  title={A Simplex Method for Function Minimization},
  author={Nelder, J. A. and Mead, R.},
  journal={Commput J},
  volume={7},
  number={4},
  pages={308-313},
  year={1965},
}

@article{Tirer2016Performance,
  title={Performance Analysis of High Resolution Direct Position Determination Method},
  author={Tirer, Tom and Weiss, Anthony J.},
  journal={IEEE Transactions on Signal Processing},
  volume={65},
  number={3},
  pages={544-554},
  year={2016},
}

@article{Blackman2009Multiple,
  title={Multiple Hypothesis Tracking for Multiple Target Tracking},
  author={Blackman, Samuel S.},
  journal={IEEE Aerospace and Electronic Systems Magazine},
  volume={19},
  number={1},
  pages={5-18},
  year={2009},
}

@article{Weiss2011Direct,
  title={Direct Geolocation of Wideband Emitters Based on Delay and Doppler.},
  author={Weiss, Anthony J.},
  journal={IEEE Transactions on Signal Processing},
  volume={59},
  number={6},
  pages={2513-2521},
  year={2011},
}

@article{Ziskind1988Maximum,
  title={Maximum Likelihood Localization of Multiple Sources by Alternating Projection},
  author={Ziskind, Ilan and Wax, Mati},
  journal={IEEE Trans.acoust.speech and Signal Processing},
  volume={36},
  number={10},
  pages={1553-1560},
  year={1988},
}

@article{Capon1969High,
  title={High-Resolution Frequency-Wavenumber Spectrum Analysis},
  author={Capon, J.},
  journal={Proceedings of the IEEE},
  volume={57},
  number={8},
  pages={1408-1418},
  year={1969},
}

@article{Tzafri2016High,
  title={High Resolution Direct Position Determination Using MVDR},
  author={Tzafri, Liran and Weiss, Anthony},
  journal={IEEE Transactions on Wireless Communications},
  volume={15},
  number={9},
  pages={6449-6461},
  year={2016},
}

@article{Amar2008Localization,
  title={Localization of Narrowband Radio Emitters Based on Doppler Frequency Shifts},
  author={Amar, Alon and Weiss, A. J.},
  journal={IEEE Press},
  year={2008},
}

@article{Hawkes1998Acoustic,
  title={Acoustic vector-sensor beamforming and Capon direction estimation},
  author={Hawkes, M. and Nehorai, A.},
  journal={Signal Processing IEEE Transactions on},
  volume={46},
  number={9},
  pages={2291-2304},
  year={1998},
}

@book{Bengio2013Deep,
  title={Deep Learning of Representations},
  author={Bengio, Yoshua and Courville, Aaron},
  year={2013},
}

@article{Ming2011An,
  title={An Asymptotically Efficient Estimator for TDOA and FDOA Positioning of Multiple Disjoint Sources in the Presence of Sensor Location Uncertainties},
  author={Ming, Sun and Ho, K. C.},
  journal={IEEE Transactions on Signal Processing},
  volume={59},
  number={7},
  pages={3434-3440},
  year={2011},
}

@article{RN453,
   author = {Sun, Y. and Ho, K. C. and Wan, Q.},
   title = {Solution and Analysis of TDOA Localization of a Near or Distant Source in Closed Form},
   journal = {IEEE Transactions on Signal Processing},
   volume = {67},
   number = {2},
   pages = {320-335},
   year = {2019},
   month = {Jan.},
}

@article{Gang2013A,
  title={A Semidefinite Relaxation Method for Source Localization Using TDOA and FDOA Measurements},
  author={Gang, Wang and Li, Youming and Ansari, Nirwan},
  journal={IEEE Transactions on Vehicular Technology},
  volume={62},
  number={2},
  pages={853-862},
  year={2013},
}

@article{RN768,
   author = {Sun, Y. and Wan, Q.},
   title = {Position Determination for Moving Transmitter Using Single Station},
   journal = {IEEE Access},
   volume = {6},
   number = {1},
   pages = {61103-61116},
   year = {2018},
   month = {Oct.},
}

@article{Yue2017TDOA,
  title={TDOA Positioning Irrespective of Source Range},
  author={Yue, Wang and Ho, Dominic},
  journal={IEEE Transactions on Signal Processing},
  volume={65},
  number={6},
  pages={1447-1460},
  year={2017},
}

@article{ZouJoint,
  title={Joint Synchronization and Localization in Wireless Sensor Networks Using Semidefinite Programming},
  author={Zou, Yanbin and Liu, Huaping and Wan, Qun},
  journal={IEEE Internet of Things Journal},
  volume={5},
  number={1},
  pages={199-205},
  year={2018},
}

@article{Zou2017Semidefinite,
  title={Semidefinite Programming Methods for Alleviating Sensor Position Error in TDOA Localization},
  author={Zou, Yanbin and Liu, Huaping and Wei, Xie and Wan, Qun},
  journal={IEEE Access},
  volume={PP},
  number={99},
  pages={1-1},
  year={2017},
}

@article{Zou2016Asynchronous,
  title={Asynchronous Time-of-Arrival-Based Source Localization With Sensor Position Uncertainties},
  author={Zou, Yanbin and Wan, Qun},
  journal={IEEE Communications Letters},
  volume={20},
  number={9},
  pages={1-1},
  year={2016},
}

@article{torrieri2000mobile,
title={Mobile frequency-hopping CDMA systems},
author={Torrieri, Don},
journal={IEEE Transactions on Communications},
volume={48},
number={8},
pages={1318--1327},
year={2000}}

@article{torrieri1997future,
title={Future army mobile multiple-access communications},
author={Torrieri, Don},
volume={2},
pages={650--654},
year={1997}}

@article{liu2002blind,
title={Blind high-resolution localization and tracking of multiple frequency hopped signals},
author={Liu, Xiangqian and Sidiropoulos, Nicholas D and Swami, Ananthram},
journal={IEEE Transactions on Signal Processing},
volume={50},
number={4},
pages={889--901},
year={2002}}

@article{liu2010ziv–zakai,
title={Ziv–Zakai Time-Delay Estimation Bounds for Frequency-Hopping Waveforms Under Frequency-Selective Fading},
author={Liu, Ning and Xu, Zhengyuan and Sadler, Brian M},
journal={IEEE Transactions on Signal Processing},
volume={58},
number={12},
pages={6400--6406},
year={2010}}

@article{ouyang2017direct,
title={Direct TDOA geolocation of multiple frequency-hopping emitters in flat fading channels},
author={Ouyang, Xinxin and Wan, Qun and Cao, Jingmin and Xiong, Jinyu and He, Qing},
journal={Iet Signal Processing},
volume={11},
number={1},
pages={80--85},
year={2017}}

@article{hack2014detection,
title={Detection in Passive MIMO Radar Networks},
author={Hack, Daniel E and Patton, Lee K and Himed, Braham and Saville, Michael A},
journal={IEEE Transactions on Signal Processing},
volume={62},
number={11},
pages={2999--3012},
year={2014}}

@ARTICLE{HighResolutionKG, 
author={K. {Hao} and Q. {Wan}}, 
journal={IEEE Access}, 
title={High Resolution Direct Detection and Position Determination of Sources With Intermittent Emission}, 
year={2019}, 
volume={7}, 
number={}, 
pages={43428-43437}, 
keywords={antenna arrays;array signal processing;mean square error methods;DDPD problem;cost function results;missing emission;location estimator bias;intermittent emission;MVDR spectrum values;identified emitting slots;reconstructed MVDR spectrum;source positions;generalized MVDR based method;high resolution direct detection;total number;multiple sources;received signals;moving antenna array;multiple observation slots;direct position determination concept;minimum variance distortionless response;root mean square error;signal to noise ratio;Antenna arrays;Sensor arrays;Signal to noise ratio;Maximum likelihood estimation;Signal resolution;Position measurement;Direct position determination;passive localization;array processing;maximum likelihood;minimum variance distortionless response (MVDR)}, 
doi={10.1109/ACCESS.2019.2907136}, 
ISSN={}, 
month={},}